<?xml version="1.0" encoding="UTF-8"?><collection xmlns="http://www.loc.gov/MARC21/slim"><record><leader>00375nam--2200121-i-4500</leader><controlfield tag="001">000021336</controlfield><controlfield tag="002">20161230</controlfield><controlfield tag="005">20161230201034</controlfield><controlfield tag="008">060222s1000------------r-----000-0-eng-d</controlfield><datafield ind1=" " ind2=" " tag="100"><subfield code="a">Heising Raymond A</subfield></datafield><datafield ind1=" " ind2=" " tag="245"><subfield code="a">Quartz crystals for electrical circuite. their design and manifacture. 2-nd printing</subfield></datafield><datafield ind1=" " ind2=" " tag="260"><subfield code="a">New York, D.Van Nostrand Company, Inc., 1947, X + 563p</subfield></datafield><datafield ind1=" " ind2=" " tag="852"><subfield code="a">640</subfield></datafield></record></collection>